@article{DBLP:journals/corr/abs-2011-04328,
  author    = {Paul Schwerdtner and
               Florens Gre{\ss}ner and
               Nikhil Kapoor and
               Felix Assion and
               Ren{\'{e}} Sass and
               Wiebke G{\"{u}}nther and
               Fabian H{\"{u}}ger and
               Peter Schlicht},
  title     = {Risk Assessment for Machine Learning Models},
  journal   = {CoRR},
  volume    = {abs/2011.04328},
  year      = {2020},
  url       = {https://arxiv.org/abs/2011.04328},
  eprinttype = {arXiv},
  eprint    = {2011.04328},
  timestamp = {Thu, 12 Nov 2020 15:14:56 +0100},
  biburl    = {https://dblp.org/rec/journals/corr/abs-2011-04328.bib},
  bibsource = {dblp computer science bibliography, https://dblp.org}
}

@article{DBLP:journals/corr/abs-2012-04884,
  author    = {Jakub Breier and
               Adrian Baldwin and
               Helen Balinsky and
               Yang Liu},
  title     = {Risk Management Framework for Machine Learning Security},
  journal   = {CoRR},
  volume    = {abs/2012.04884},
  year      = {2020},
  url       = {https://arxiv.org/abs/2012.04884},
  eprinttype = {arXiv},
  eprint    = {2012.04884},
  timestamp = {Sat, 02 Jan 2021 15:43:30 +0100},
  biburl    = {https://dblp.org/rec/journals/corr/abs-2012-04884.bib},
  bibsource = {dblp computer science bibliography, https://dblp.org}
}

@article{art2018,
    title = {Adversarial Robustness Toolbox v1.2.0},
    author = {Nicolae, Maria-Irina and Sinn, Mathieu and Tran, Minh~Ngoc and Buesser, Beat and Rawat, Ambrish and Wistuba, Martin and Zantedeschi, Valentina and Baracaldo, Nathalie and Chen, Bryant and Ludwig, Heiko and Molloy, Ian and Edwards, Ben},
    journal = {CoRR},
    volume = {1807.01069},
    year = {2018},
    url = {https://arxiv.org/pdf/1807.01069}
}

@inproceedings{DBLP:conf/sp/XiaoLZX18,
  author    = {Qixue Xiao and
               Kang Li and
               Deyue Zhang and
               Weilin Xu},
  title     = {Security Risks in Deep Learning Implementations},
  booktitle = {2018 {IEEE} Security and Privacy Workshops, {SP} Workshops 2018, San
               Francisco, CA, USA, May 24, 2018},
  pages     = {123--128},
  publisher = {{IEEE} Computer Society},
  year      = {2018},
  url       = {https://doi.org/10.1109/SPW.2018.00027},
  doi       = {10.1109/SPW.2018.00027},
  timestamp = {Wed, 16 Oct 2019 14:14:51 +0200},
  biburl    = {https://dblp.org/rec/conf/sp/XiaoLZX18.bib},
  bibsource = {dblp computer science bibliography, https://dblp.org}
}

@article{lundholm2011design,
  title={Design and use of information security metrics},
  author={Lundholm, Kristoffer and Hallberg, Jonas and Granlund, Helena},
  journal={FOI, Swedish Def. Res. Agency, p. ISSN},
  pages={1650--1942},
  year={2011}
}

@article{DBLP:journals/compsec/SendiAC16,
  author    = {Alireza Shameli Sendi and
               Rouzbeh Aghababaei{-}Barzegar and
               Mohamed Cheriet},
  title     = {Taxonomy of information security risk assessment {(ISRA)}},
  journal   = {Comput. Secur.},
  volume    = {57},
  pages     = {14--30},
  year      = {2016},
  url       = {https://doi.org/10.1016/j.cose.2015.11.001},
  doi       = {10.1016/j.cose.2015.11.001},
  timestamp = {Thu, 20 Feb 2020 13:19:36 +0100},
  biburl    = {https://dblp.org/rec/journals/compsec/SendiAC16.bib},
  bibsource = {dblp computer science bibliography, https://dblp.org}
}

@article{barabanov2011information,
  title={Information security metrics: State of the art: State of the art},
  author={Barabanov, Rostyslav and Kowalski, Stewart and Yngstr{\"o}m, Louise},
  year={2011}
}

@article{tarnes2012information,
  title={Information Security Metrics: An Empirical Study of Current Practice},
  author={Tarnes, Marte},
  journal={Specialization Project, Trondheim, 17th December},
  year={2012}
}

@article{DBLP:journals/corr/abs-1807-01069,
  author    = {Maria{-}Irina Nicolae and
               Mathieu Sinn and
               Tran Ngoc Minh and
               Ambrish Rawat and
               Martin Wistuba and
               Valentina Zantedeschi and
               Ian M. Molloy and
               Benjamin Edwards},
  title     = {Adversarial Robustness Toolbox v1.0.0},
  journal   = {CoRR},
  volume    = {abs/1807.01069},
  year      = {2019},
  url       = {https://arxiv.org/pdf/1807.01069.pdf},
  eprinttype = {arXiv},
  eprint    = {1807.01069},
  timestamp = {Fri, 15 Nov 2019},
  biburl    = {https://dblp.org/rec/journals/corr/abs-1807-01069.bib},
  bibsource = {dblp computer science bibliography, https://dblp.org}
}

@article{DBLP:journals/corr/abs-1708-06733,
  author    = {Tianyu Gu and
               Brendan Dolan{-}Gavitt and
               Siddharth Garg},
  title     = {BadNets: Identifying Vulnerabilities in the Machine Learning Model
               Supply Chain},
  journal   = {CoRR},
  volume    = {abs/1708.06733},
  year      = {2017},
  url       = {http://arxiv.org/abs/1708.06733},
  eprinttype = {arXiv},
  eprint    = {1708.06733},
  timestamp = {Mon, 13 Aug 2018 16:49:00 +0200},
  biburl    = {https://dblp.org/rec/journals/corr/abs-1708-06733.bib},
  bibsource = {dblp computer science bibliography, https://dblp.org}
}

@inproceedings{DBLP:conf/crisis/DoynikovaNGK20,
  author    = {Elena Doynikova and
               Evgenia Novikova and
               Diana Gaifulina and
               Igor V. Kotenko},
  editor    = {Joaqu{\'{\i}}n Garc{\'{\i}}a{-}Alfaro and
               Jean Leneutre and
               Nora Cuppens and
               Reda Yaich},
  title     = {Towards Attacker Attribution for Risk Analysis},
  booktitle = {Risks and Security of Internet and Systems - 15th International Conference,
               CRiSIS 2020, Paris, France, November 4-6, 2020, Revised Selected Papers},
  series    = {Lecture Notes in Computer Science},
  volume    = {12528},
  pages     = {347--353},
  publisher = {Springer},
  year      = {2020},
  url       = {https://doi.org/10.1007/978-3-030-68887-5\_22},
  doi       = {10.1007/978-3-030-68887-5\_22},
  timestamp = {Tue, 02 Mar 2021 11:26:32 +0100},
  biburl    = {https://dblp.org/rec/conf/crisis/DoynikovaNGK20.bib},
  bibsource = {dblp computer science bibliography, https://dblp.org}
}

@incollection{tzotsos2008support,
  title={Support vector machine classification for object-based image analysis},
  author={Tzotsos, Angelos and Argialas, Demetre},
  booktitle={Object-Based Image Analysis},
  pages={663--677},
  year={2008},
  publisher={Springer}
}

@article{DBLP:journals/compsec/SendiAC16,
  author    = {Alireza Shameli Sendi and
               Rouzbeh Aghababaei{-}Barzegar and
               Mohamed Cheriet},
  title     = {Taxonomy of information security risk assessment {(ISRA)}},
  journal   = {Comput. Secur.},
  volume    = {57},
  pages     = {14--30},
  year      = {2016},
  url       = {https://doi.org/10.1016/j.cose.2015.11.001},
  doi       = {10.1016/j.cose.2015.11.001},
  timestamp = {Thu, 20 Feb 2020 13:19:36 +0100},
  biburl    = {https://dblp.org/rec/journals/compsec/SendiAC16.bib},
  bibsource = {dblp computer science bibliography, https://dblp.org}
}

@inproceedings{DBLP:conf/ijcnn/StallkampSSI11,
  author    = {Johannes Stallkamp and
               Marc Schlipsing and
               Jan Salmen and
               Christian Igel},
  title     = {The German Traffic Sign Recognition Benchmark: {A} multi-class classification
               competition},
  booktitle = {The 2011 International Joint Conference on Neural Networks, {IJCNN}
               2011, San Jose, California, USA, July 31 - August 5, 2011},
  pages     = {1453--1460},
  publisher = {{IEEE}},
  year      = {2011},
  url       = {https://doi.org/10.1109/IJCNN.2011.6033395},
  doi       = {10.1109/IJCNN.2011.6033395},
  timestamp = {Wed, 16 Oct 2019 14:14:55 +0200},
  biburl    = {https://dblp.org/rec/conf/ijcnn/StallkampSSI11.bib},
  bibsource = {dblp computer science bibliography, https://dblp.org}
}

@article{scikit-learn,
 title={Scikit-learn: Machine Learning in {P}ython},
 author={Pedregosa, F. and Varoquaux, G. and Gramfort, A. and Michel, V.
         and Thirion, B. and Grisel, O. and Blondel, M. and Prettenhofer, P.
         and Weiss, R. and Dubourg, V. and Vanderplas, J. and Passos, A. and
         Cournapeau, D. and Brucher, M. and Perrot, M. and Duchesnay, E.},
 journal={Journal of Machine Learning Research},
 volume={12},
 pages={2825--2830},
 year={2011}
}

@article{opencv_library,
    author = {Bradski, G.},
    citeulike-article-id = {2236121},
    journal = {Dr. Dobb's Journal of Software Tools},
    keywords = {bibtex-import},
    posted-at = {2008-01-15 19:21:54},
    priority = {4},
    title = {{The OpenCV Library}},
    year = {2000}
}

@book{cristianini_shawe-taylor_2000,
    place={Cambridge},
    title={An Introduction to Support Vector Machines
           and Other Kernel-based Learning Methods},
    DOI={10.1017/CBO9780511801389},
    publisher={Cambridge University Press},
    author={Cristianini, Nello and Shawe-Taylor, John},
    year={2000}
}

 @inbook{bisong_2019,
         place={New York, NY},
         title={More Supervised Machine Learning Techniques with Scikit-learn},
         booktitle={Building Machine Learning and deep learning models on Google Cloud Platform: A comprehensive guide for beginners},
         publisher={Apress},
         author={Bisong, Ekaba Ononse},
         year={2019},
         pages={287â€“308}
}

@article{turner2018clean,
  title={Clean-label backdoor attacks},
  author={Turner, Alexander and Tsipras, Dimitris and Madry, Aleksander},
  year={2018},
  url={https://people.csail.mit.edu/madry/lab/cleanlabel.pdf}
}

@article{DBLP:journals/ijcysa/FraunholzKAS17,
  author    = {Daniel Fraunholz and
               Daniel Krohmer and
               Simon Duque Ant{\'{o}}n and
               Hans Dieter Schotten},
  title     = {{YAAS} - On the Attribution of Honeypot Data},
  journal   = {Int. J. Cyber Situational Aware.},
  volume    = {2},
  number    = {1},
  pages     = {31--48},
  year      = {2017},
  url       = {https://doi.org/10.22619/ijcsa.2017.100113},
  doi       = {10.22619/ijcsa.2017.100113},
  timestamp = {Tue, 14 Jul 2020 14:27:33 +0200},
  biburl    = {https://dblp.org/rec/journals/ijcysa/FraunholzKAS17.bib},
  bibsource = {dblp computer science bibliography, https://dblp.org}
}

@article{shirey2007internet,
  title={Internet security glossary, version 2},
  author={Shirey, Robert},
  year={2007},
  publisher={RFC 4949, August}
}

@inproceedings{DBLP:conf/iclr/MadryMSTV18,
  author    = {Aleksander Madry and
               Aleksandar Makelov and
               Ludwig Schmidt and
               Dimitris Tsipras and
               Adrian Vladu},
  title     = {Towards Deep Learning Models Resistant to Adversarial Attacks},
  booktitle = {6th International Conference on Learning Representations, {ICLR} 2018,
               Vancouver, BC, Canada, April 30 - May 3, 2018, Conference Track Proceedings},
  publisher = {OpenReview.net},
  year      = {2018},
  url       = {https://openreview.net/forum?id=rJzIBfZAb},
  timestamp = {Thu, 25 Jul 2019 14:25:44 +0200},
  biburl    = {https://dblp.org/rec/conf/iclr/MadryMSTV18.bib},
  bibsource = {dblp computer science bibliography, https://dblp.org}
}

@inproceedings{DBLP:conf/acsac/Hu021,
  author    = {Hailong Hu and
               Jun Pang},
  title     = {Stealing Machine Learning Models: Attacks and Countermeasures for
               Generative Adversarial Networks},
  booktitle = {{ACSAC} '21: Annual Computer Security Applications Conference, Virtual
               Event, USA, December 6 - 10, 2021},
  pages     = {1--16},
  publisher = {{ACM}},
  year      = {2021},
  url       = {https://doi.org/10.1145/3485832.3485838},
  doi       = {10.1145/3485832.3485838},
  timestamp = {Mon, 03 Jan 2022 22:35:04 +0100},
  biburl    = {https://dblp.org/rec/conf/acsac/Hu021.bib},
  bibsource = {dblp computer science bibliography, https://dblp.org}
}

@article{tabassi2019taxonomy,
  title={A taxonomy and terminology of adversarial machine learning},
  author={Tabassi, Elham and Burns, Kevin and Hadjimichael, Michael and Molina-Markham, Andres and Sexton, Julian},
  journal={NIST IR},
  year={2019}
}

@article{DBLP:journals/corr/abs-2112-02797,
  author    = {Jing Lin and
               Long Dang and
               Mohamed Rahouti and
               Kaiqi Xiong},
  title     = {{ML} Attack Models: Adversarial Attacks and Data Poisoning Attacks},
  journal   = {CoRR},
  volume    = {abs/2112.02797},
  year      = {2021},
  url       = {https://arxiv.org/abs/2112.02797},
  eprinttype = {arXiv},
  eprint    = {2112.02797},
  timestamp = {Wed, 08 Dec 2021 14:48:59 +0100},
  biburl    = {https://dblp.org/rec/journals/corr/abs-2112-02797.bib},
  bibsource = {dblp computer science bibliography, https://dblp.org}
}

 @misc{bsi_glossar_2021,
  title={Cyber-glossar},
  note={\url{https://www.bsi.bund.de/DE/Service-Navi/Cyber-Glossar/cyber-glossar_node.html}},
  journal={Bundesamt fÃ¼r Sicherheit in der Informationstechnik},
  year={2021},
  month={Jan},
  timestamp={2022.02.24}
}

  @misc{google,
   title={Machine learning glossary},
   note={\url{https://developers.google.com/machine-learning/glossary/}},
   journal={Google},
   publisher={Google},
   year={2021},
   month={Jul},
   timestamp={2022.02.24}
  }

@book{kersten_reuter_schroeder_wolfenstetter_2013,
  place={Wiesbaden},
  edition={4},
  title={IT-Sicherheitsmanagement nach ISO 27001 und Grundschutz},
  publisher={Springer Vieweg},
  author={Kersten, Heinrich and Reuter, JuÌˆrgen and SchroÌˆder, Klaus-Werner and Wolfenstetter, Klaus-Dieter},
  year={2013}
}
