@article{DBLP:journals/corr/abs-2011-04328,
  author    = {Paul Schwerdtner and
               Florens Gre{\ss}ner and
               Nikhil Kapoor and
               Felix Assion and
               Ren{\'{e}} Sass and
               Wiebke G{\"{u}}nther and
               Fabian H{\"{u}}ger and
               Peter Schlicht},
  title     = {Risk Assessment for Machine Learning Models},
  journal   = {CoRR},
  volume    = {abs/2011.04328},
  year      = {2020},
  url       = {https://arxiv.org/abs/2011.04328},
  eprinttype = {arXiv},
  eprint    = {2011.04328},
  timestamp = {Thu, 12 Nov 2020 15:14:56 +0100},
  biburl    = {https://dblp.org/rec/journals/corr/abs-2011-04328.bib},
  bibsource = {dblp computer science bibliography, https://dblp.org}
}

@article{DBLP:journals/corr/abs-2012-04884,
  author    = {Jakub Breier and
               Adrian Baldwin and
               Helen Balinsky and
               Yang Liu},
  title     = {Risk Management Framework for Machine Learning Security},
  journal   = {CoRR},
  volume    = {abs/2012.04884},
  year      = {2020},
  url       = {https://arxiv.org/abs/2012.04884},
  eprinttype = {arXiv},
  eprint    = {2012.04884},
  timestamp = {Sat, 02 Jan 2021 15:43:30 +0100},
  biburl    = {https://dblp.org/rec/journals/corr/abs-2012-04884.bib},
  bibsource = {dblp computer science bibliography, https://dblp.org}
}

@article{art2018,
    title = {Adversarial Robustness Toolbox v1.2.0},
    author = {Nicolae, Maria-Irina and Sinn, Mathieu and Tran, Minh~Ngoc and Buesser, Beat and Rawat, Ambrish and Wistuba, Martin and Zantedeschi, Valentina and Baracaldo, Nathalie and Chen, Bryant and Ludwig, Heiko and Molloy, Ian and Edwards, Ben},
    journal = {CoRR},
    volume = {1807.01069},
    year = {2018},
    url = {https://arxiv.org/pdf/1807.01069}
}

@inproceedings{DBLP:conf/sp/XiaoLZX18,
  author    = {Qixue Xiao and
               Kang Li and
               Deyue Zhang and
               Weilin Xu},
  title     = {Security Risks in Deep Learning Implementations},
  booktitle = {2018 {IEEE} Security and Privacy Workshops, {SP} Workshops 2018, San
               Francisco, CA, USA, May 24, 2018},
  pages     = {123--128},
  publisher = {{IEEE} Computer Society},
  year      = {2018},
  url       = {https://doi.org/10.1109/SPW.2018.00027},
  doi       = {10.1109/SPW.2018.00027},
  timestamp = {Wed, 16 Oct 2019 14:14:51 +0200},
  biburl    = {https://dblp.org/rec/conf/sp/XiaoLZX18.bib},
  bibsource = {dblp computer science bibliography, https://dblp.org}
}
